@inproceedings{zhang2019,
  title={Task-Oriented Dialog Systems that Consider Multiple Appropriate Responses under the Same Context},
  author={Zhang, Yichi and Ou, Zhijian and Yu, Zhou},
  booktitle={Proceedings of the AAAI Conference on Artificial Intelligence},
  address={New York, NY, USA},
  pages={9604-9611},
  year={2020}
}

@article{hosseini2020,
  title={A simple language model for task-oriented dialogue},
  author={Hosseini-Asl, Ehsan and McCann, Bryan and Wu, Chien-Sheng and Yavuz, Semih and Socher, Richard},
  journal={arXiv preprint arXiv:2005.00796},
  year={2020}
}

@inproceedings{zhang2020end2end,
  title={A Probabilistic End-To-End Task-Oriented Dialog Model with Latent Belief States towards Semi-Supervised Learning},
  author={Zhang, Yichi and Ou, Zhijian and Wang, Huixin and Feng, Junlan},
  booktitle={Proceedings of the 2020 EMNLP},
  year={2020},
  address={Online},
  pages={9207–9219},
}

@article{peng2020,
  title={SOLOIST: Few-shot Task-Oriented Dialog with A Single Pre-trained Auto-regressive Model},
  author={Peng, Baolin and Li, Chunyuan and Li, Jinchao and Shayandeh, Shahin and Liden, Lars and Gao, Jianfeng},
  journal={arXiv preprint arXiv:2005.05298},
  year={2020}
}

@inproceedings{machavcek2020elitr,
  title={ELITR Non-Native Speech Translation at IWSLT 2020},
  author={Mach{\'a}{\v{c}}ek, Dominik and Kratochv{\'\i}l, Jon{\'a}{\v{s}} and Sagar, Sangeet and {\v{Z}}ilinec, Mat{\'u}{\v{s}} and Bojar, Ond{\v{r}}ej and Nguyen, Thai-Son and Schneider, Felix and Williams, Philip and Yao, Yuekun},
  booktitle={Proceedings of the 17th International Conference on Spoken Language Translation (IWSLT)},
  year={2020},
  address={Online},
  pages={200–208},
}

@techreport{radford2019,
	title = {Language {Models} are {Unsupervised} {Multitask} {Learners}},
	institution = {OpenAI},
	author = {Radford, Alec and Wu, Jeffrey and Child, Rewon and Luan, David and Amodei, Dario and Sutskever, Ilya},
	year = {2019},
}


@inproceedings{federmann2019multilingual,
    title = "Multilingual Whispers: Generating Paraphrases with Translation",
    author = "Federmann, Christian and Elachqar, Oussama and Quirk, Chris",
    booktitle = "Proceedings of the 5th Workshop on Noisy User-generated Text (W-NUT 2019)",
    year = "2019",
    address = "Hong Kong",
    XXXpublisher = "Association for Computational Linguistics",
    url ="https://www.aclweb.org/anthology/D19-5503",
    doi = "10.18653/v1/D19-5503",
    pages = "17--26",
}

@article{madnani2010generating,
  title={Generating phrasal and sentential paraphrases: A survey of data-driven methods},
  author={Madnani, Nitin and Dorr, Bonnie J},
  journal={Computational Linguistics},
  volume={36},
  number={3},
  pages={341--387},
  year={2010},
  publisher={MIT Press}
}

@inproceedings{byrne2019,
title	= {Taskmaster-1: Toward a Realistic and Diverse Dialog Dataset},
author	= {Bill Byrne and Karthik Krishnamoorthi and Chinnadhurai Sankar and Arvind Neelakantan and Daniel Duckworth and Semih Yavuz and Ben Goodrich and Amit Dubey and Kyu-Young Kim and Andy Cedilnik},
year	= {2019},
booktitle={Proceedings of the 2019 Conference on Empirical Methods in Natural Language Processing and the 9th International Joint Conference on Natural Language Processing (EMNLP-IJCNLP)},
address={Hong Kong},
pages={4516–4525},
}

@inproceedings{rastogi2019,
  title={Towards Scalable Multi-domain Conversational Agents: The Schema-Guided Dialogue Dataset},
  author={Rastogi, Abhinav and Zang, Xiaoxue and Sunkara, Srinivas and Gupta, Raghav and Khaitan, Pranav},
  booktitle = {Proceedings of the AAAI Conference on Artificial Intelligence},
  year={2020},
  address={New York, NY, USA},
  pages={8689--8696},
}

@inproceedings{budzianowski2018,
  title={Multi{WOZ} -- a large-scale multi-domain {Wizard-of-Oz} dataset for task-oriented dialogue modelling},
  author={Budzianowski, Pawe{\l} and Wen, Tsung-Hsien and Tseng, Bo-Hsiang and Casanueva, Inigo and Ultes, Stefan and Ramadan, Osman and Ga{\v{s}}i{\'c}, Milica},
  booktitle={Proceedings of the 2018 Conference on Empirical Methods in Natural Language Processing (EMNLP)},
  year={2018},
  pages={5016–5026},
  address={Brussels, Belgium}
}

@inproceedings{eric2019,
  title={{MultiWOZ} 2.1: A Consolidated Multi-Domain Dialogue Dataset with State Corrections and State Tracking Baselines},
  author={Eric, Mihail and Goel, Rahul and Paul, Shachi and Kumar, Adarsh and Sethi, Abhishek and Ku, Peter and Goyal, Anuj Kumar and Agarwal, Sanchit and Gao, Shuyang and Hakkani-Tur, Dilek},
  booktitle={Proceedings of the 12th Language Resources and Evaluation Conference (LREC)},
  year={2020},
  address={Marseille, France},
  pages={422-428},
}

@inproceedings{vaswani2017,
  title={Attention is all you need},
  author={Vaswani, Ashish and Shazeer, Noam and Parmar, Niki and Uszkoreit, Jakob and Jones, Llion and Gomez, Aidan N and Kaiser, {\L}ukasz and Polosukhin, Illia},
  booktitle={Advances in Neural Information Processing Systems (NeurIPS)},
  pages={5998--6008},
  year={2017},
  address={Long Beach, CA, USA},
}

@inproceedings{holtzman2019,
  title={The curious case of neural text degeneration},
  author={Holtzman, Ari and Buys, Jan and Du, Li and Forbes, Maxwell and Choi, Yejin},
  booktitle={Proceedings of the International Conference on Learning Representations (ICLR)},
  year={2020},
  address={Online},
}

@inproceedings{welleck2019,
  title={Neural Text Generation With Unlikelihood Training},
  author={Welleck, Sean and Kulikov, Ilia and Roller, Stephen and Dinan, Emily and Cho, Kyunghyun and Weston, Jason},
  booktitle={Proceedings of the International Conference on Learning Representations (ICLR)},
  year={2020},
  address={Online},
}


@inproceedings{li_dont_2020,
	title = {Don’t {Say} {That}! {Making} {Inconsistent} {Dialogue} {Unlikely} with {Unlikelihood} {Training}},
    booktitle = {Proceedings of the 58th {Annual} {Meeting} of the {Association} for {Computational} {Linguistics} (ACL)},
	author = {Li, Margaret and Roller, Stephen and Kulikov, Ilia and Welleck, Sean and Boureau, Y.-Lan and Cho, Kyunghyun and Weston, Jason},
	month = jul,
	year = {2020},
	address={Online},
	pages={4715–4728},
}


@inproceedings{manning2017, 
    address={Saarbrücken, Germany}, 
    title={Key-Value Retrieval Networks for Task-Oriented Dialogue}, 
    url={https://www.aclweb.org/anthology/W17-5506}, 
    booktitle={Proceedings of the 18th Annual SIGdial Meeting on Discourse and Dialogue}, 
    XXXpublisher={Association for Computational Linguistics}, 
    author={Eric, Mihail and Krishnan, Lakshmi and Charette, Francois and Manning, Christopher D.},
    year={2017}, 
    pages={37–49},
}

@inproceedings{wen2016,
    title = "Conditional Generation and Snapshot Learning in Neural Dialogue Systems",
    author = "Wen, Tsung-Hsien  and Ga{\v{s}}i{\'c}, Milica  and Mrk{\v{s}}i{\'c}, Nikola  and Rojas-Barahona, Lina M.  and Su, Pei-Hao and Ultes, Stefan  and Vandyke, David  and Young, Steve",
    booktitle = "Proceedings of the 2016 Conference on Empirical Methods in Natural Language Processing (EMNLP)",
    year = "2016",
    address = "Austin, TX, USA",
    XXXpublisher = "Association for Computational Linguistics",
    url = "https://www.aclweb.org/anthology/D16-1233",
    doi = "10.18653/v1/D16-1233",
    pages = "2153--2162",
}

@inproceedings{wen2017,
    title = "A Network-based End-to-End Trainable Task-oriented Dialogue System",
    author = "Wen, Tsung-Hsien  and Vandyke, David  and Mrk{\v{s}}i{\'c}, Nikola and Ga{\v{s}}i{\'c}, Milica and Rojas-Barahona, Lina M. and u, Pei-Hao and Ultes, Stefan  and Young, Steve",
    booktitle = "Proceedings of the 15th Conference of the {E}uropean Chapter of the Association for Computational Linguistics (EACL)",
    year = "2017",
    address = "Valencia, Spain",
    XXXpublisher = "Association for Computational Linguistics",
    url ="https://www.aclweb.org/anthology/E17-1042",
    pages = "438--449"
}

@ARTICLE{young2013,
  author={S. {Young} and M. {Gašić} and B. {Thomson} and J. D. {Williams}},
  journal={Proceedings of the IEEE}, 
  title={POMDP-Based Statistical Spoken Dialog Systems: A Review}, 
  year={2013},
  volume={101},
  number={5},
  pages={1160-1179},
  doi={10.1109/JPROC.2012.2225812}
 }

@inproceedings{gao2018,
    XXXaddress = {Boston / Delft},
	series = {Foundations and {Trends} in {Information} {Retrieval}},
	title = {Neural {Approaches} to {Conversational} {AI}: {Question} {Answering}, {Task}-oriented {Dialogues} and {Social} {Chatbots}},
	volume = {13},
	url = {http://arxiv.org/abs/1809.08267},
	publisher = {now publishers},
	author = {Gao, Jianfeng and Galley, Michel and Li, Lihong},
	year = {2019},
}


@inproceedings{lei2018,
    title = "{S}equicity: Simplifying Task-oriented Dialogue Systems with Single Sequence-to-Sequence Architectures",
    author = "Lei, Wenqiang and Jin, Xisen  and Kan, Min-Yen  and Ren, Zhaochun  and He, Xiangnan  and Yin, Dawei",
    booktitle = "Proceedings of the 56th Annual Meeting of the Association for Computational Linguistics (Volume 1: Long Papers)",
    year = "2018",
    address = "Melbourne, Australia",
    XXXpublisher = "Association for Computational Linguistics",
    url ="https://www.aclweb.org/anthology/P18-1133",
    doi = "10.18653/v1/P18-1133",
    pages = "1437--1447",
}

@inproceedings{devlin2019,
    title = "{BERT}: Pre-training of Deep Bidirectional Transformers for Language Understanding",
    author = "Devlin, Jacob  and Chang, Ming-Wei  and Lee, Kenton  and Toutanova, Kristina",
    booktitle = "Proceedings of the 2019 Conference of the North {A}merican Chapter of the Association for Computational Linguistics: Human Language Technologies (NAACL-HLT)",
    year = "2019",
    address = "Minneapolis, MN, USA",
    XXXpublisher = "Association for Computational Linguistics",
    url ="https://www.aclweb.org/anthology/N19-1423",
    doi = "10.18653/v1/N19-1423",
    pages = "4171--4186"
}

@inproceedings{zhang2020dialogpt,
    title = "{DIALOGPT} : Large-Scale Generative Pre-training for Conversational Response Generation",
    author = "Zhang, Yizhe and Sun, Siqi  and Galley, Michel  and Chen, Yen-Chun and Brockett, Chris and Gao, Xiang  and Gao, Jianfeng  and Liu, Jingjing  and Dolan, Bill",
    booktitle = "Proceedings of the 58th Annual Meeting of the Association for Computational Linguistics (ACL): System Demonstrations",
    year = "2020",
    address={Online},
    XXXpublisher = "Association for Computational Linguistics",
    url ="https://www.aclweb.org/anthology/2020.acl-demos.30",
    doi = "10.18653/v1/2020.acl-demos.30",
    pages = "270--278",
}

@inproceedings{wu2018,
    title={Global-to-local Memory Pointer Networks for Task-Oriented Dialogue},
    author={Chien-Sheng Wu and Richard Socher and Caiming Xiong},
    booktitle={Proceedings of the International Conference on Learning Representations (ICLR)},
    year={2019},
    address = {New Orleans, LA, USA},
    url={https://openreview.net/forum?id=ryxnHhRqFm},
}

@inproceedings{shu2019,
    title = "Flexibly-Structured Model for Task-Oriented Dialogues",
    author = "Shu, Lei  and Molino, Piero  and Namazifar, Mahdi  and Xu, Hu  and Liu, Bing  and Zheng, Huaixiu  and Tur, Gokhan",
    booktitle = "Proceedings of the 20th Annual SIGdial Meeting on Discourse and Dialogue",
    year = "2019",
    address = "Stockholm, Sweden",
    XXXpublisher = "Association for Computational Linguistics",
    url ="https://www.aclweb.org/anthology/W19-5922",
    doi = "10.18653/v1/W19-5922",
    pages = "178--187"
}

@article{liu2020,
    title={Ro{BERT}a: A Robustly Optimized {BERT} Pretraining Approach},
    author={Yinhan Liu and Myle Ott and Naman Goyal and Jingfei Du and Mandar Joshi and Danqi Chen and Omer Levy and Mike Lewis and Luke Zettlemoyer and Veselin Stoyanov},
    journal = {arXiv preprint arXiv:1907.11692},
    year={2019},
}

@misc{chen2019,
      title={BERT for Joint Intent Classification and Slot Filling}, 
      author={Qian Chen and Zhu Zhuo and Wen Wang},
      year={2019},
      eprint={1902.10909},
      archivePrefix={arXiv},
      primaryClass={cs.CL}
}

@inproceedings{heck2020,
    title = "{T}rip{P}y: A Triple Copy Strategy for Value Independent Neural Dialog State Tracking",
    author = "Heck, Michael  and van Niekerk, Carel  and Lubis, Nurul  and Geishauser, Christian  and Lin, Hsien-Chin  and Moresi, Marco  and Gasic, Milica",
    booktitle = "Proceedings of the 21th Annual Meeting of the Special Interest Group on Discourse and Dialogue",
    year = "2020",
    address = "1st virtual meeting",
    XXXpublisher = "Association for Computational Linguistics",
    url ="https://www.aclweb.org/anthology/2020.sigdial-1.4",
    pages = "35--44"
}

@inproceedings{peng2017,
    title = "Composite Task-Completion Dialogue Policy Learning via Hierarchical Deep Reinforcement Learning",
    author = "Peng, Baolin  and Li, Xiujun  and Li, Lihong  and Gao, Jianfeng  and Celikyilmaz, Asli  and Lee, Sungjin  and Wong, Kam-Fai",
    booktitle = "Proceedings of the 2017 Conference on Empirical Methods in Natural Language Processing",
    year = "2017",
    address = "Copenhagen, Denmark",
    XXXpublisher = "Association for Computational Linguistics",
    url ="https://www.aclweb.org/anthology/D17-1237",
    doi = "10.18653/v1/D17-1237",
    pages = "2231--2240"
}

@inproceedings{dusek2018,
    title = "Findings of the {E}2{E} {NLG} Challenge",
    author = "Du{\v{s}}ek, Ond{\v{r}}ej  and Novikova, Jekaterina  and Rieser, Verena",
    booktitle = "Proceedings of the 11th International Conference on Natural Language Generation",
    year = "2018",
    address = "Tilburg University, The Netherlands",
    XXXpublisher = "Association for Computational Linguistics",
    url ="https://www.aclweb.org/anthology/W18-6539",
    doi = "10.18653/v1/W18-6539",
    pages = "322--328"
}

@inproceedings{wen2018,
    title = "Sequence-to-Sequence Learning for Task-oriented Dialogue with Dialogue State Representation",
    author = "Wen, Haoyang  and Liu, Yijia  and Che, Wanxiang  and Qin, Libo  and Liu, Ting",
    booktitle = "Proceedings of the 27th International Conference on Computational Linguistics (COLING)",
    month = aug,
    year = "2018",
    address = "Santa Fe, NM, USA",
    XXXpublisher = "Association for Computational Linguistics",
    url ="https://www.aclweb.org/anthology/C18-1320",
    pages = "3781--3792",
}

@inproceedings{madotto2018,
    title = "{M}em2{S}eq: Effectively Incorporating Knowledge Bases into End-to-End Task-Oriented Dialog Systems",
    author = "Madotto, Andrea  and Wu, Chien-Sheng  and Fung, Pascale",
    booktitle = "Proceedings of the 56th Annual Meeting of the Association for Computational Linguistics (ACL)",
    month = jul,
    year = "2018",
    address = "Melbourne, Australia",
    XXXpublisher = "Association for Computational Linguistics",
    url ="https://www.aclweb.org/anthology/P18-1136",
    doi = "10.18653/v1/P18-1136",
    pages = "1468--1478"
}

@inproceedings{mehri2019,
    title = "Structured Fusion Networks for Dialog",
    author = "Mehri, Shikib  and
      Srinivasan, Tejas  and
      Eskenazi, Maxine",
    booktitle = "Proceedings of the 20th Annual SIGdial Meeting on Discourse and Dialogue",
    month = sep,
    year = "2019",
    address = "Stockholm, Sweden",
    XXXpublisher = "Association for Computational Linguistics",
    url ="https://www.aclweb.org/anthology/W19-5921",
    doi = "10.18653/v1/W19-5921",
    pages = "165--177",
}

@inproceedings{budzianowski2019,
    title = "Hello, It{'}s {GPT}-2 -- How Can {I} Help You? Towards the Use of Pretrained Language Models for Task-Oriented Dialogue Systems",
    author = "Budzianowski, Pawe{\l}  and
      Vuli{\'c}, Ivan",
    booktitle = "Proceedings of the 3rd Workshop on Neural Generation and Translation (WNGT)",
    month = nov,
    year = "2019",
    address = "Hong Kong",
    XXXpublisher = "Association for Computational Linguistics",
    url ="https://www.aclweb.org/anthology/D19-5602",
    doi = "10.18653/v1/D19-5602",
    pages = "15--22"
}

@misc{madotto2020,
      title={Attention over Parameters for Dialogue Systems}, 
      author={Andrea Madotto and Zhaojiang Lin and Chien-Sheng Wu and Jamin Shin and Pascale Fung},
      year={2020},
      eprint={2001.01871},
      archivePrefix={arXiv},
      primaryClass={cs.CL}
}

@inproceedings{wu2020,
  title={ToD-BERT: Pre-trained Natural Language Understanding for Task-Oriented Dialogues},
  author={Wu, Chien-Sheng and Hoi, Steven and Socher, Richard and Xiong, Caiming},
  booktitle={Proceedings of the 2020 Conference on Empirical Methods in Natural Language Processing (EMNLP)},
  year={2020},
  address={Online},
  pages={917–929},
}

@inproceedings{ham2020,
    title = "End-to-End Neural Pipeline for Goal-Oriented Dialogue Systems using {GPT}-2",
    author = "Ham, Donghoon  and
      Lee, Jeong-Gwan  and
      Jang, Youngsoo  and
      Kim, Kee-Eung",
    booktitle = "Proceedings of the 58th Annual Meeting of the Association for Computational Linguistics (ACL)",
    month = jul,
    year = "2020",
    address = "Online",
    XXXpublisher = "Association for Computational Linguistics",
    url ="https://www.aclweb.org/anthology/2020.acl-main.54",
    doi = "10.18653/v1/2020.acl-main.54",
    pages = "583--592",
}

@incollection{sutskever2014,
    title = {Sequence to Sequence Learning with Neural Networks},
    author = {Sutskever, Ilya and Vinyals, Oriol and Le, Quoc V},
    booktitle = {Advances in Neural Information Processing Systems 27 (NeurIPS)},
    address={Montréal, Canada},
    editor = {Z. Ghahramani and M. Welling and C. Cortes and N. D. Lawrence and K. Q. Weinberger},
    pages = {3104--3112},
    year = {2014},
    XXXpublisher = {Curran Associates, Inc.},
    url ={http://papers.nips.cc/paper/5346-sequence-to-sequence-learning-with-neural-networks.pdf}
}

@misc{vinyals2015,
      title={A Neural Conversational Model}, 
      author={Oriol Vinyals and Quoc Le},
      year={2015},
      eprint={1506.05869},
      archivePrefix={arXiv},
      primaryClass={cs.CL}
}

@inproceedings{loshchilov2017decoupled,
  title={Decoupled weight decay regularization},
  author={Loshchilov, Ilya and Hutter, Frank},
  booktitle={Proceedings of the International Conference on Learning Representations (ICLR)},
  year={2019},
  address={New Orleans, LA, USA},
}

@inproceedings{papineni2002,
    title = "{Bleu}: a Method for Automatic Evaluation of Machine Translation",
    author = "Papineni, Kishore  and
      Roukos, Salim  and
      Ward, Todd  and
      Zhu, Wei-Jing",
    booktitle = "Proceedings of the 40th Annual Meeting of the Association for Computational Linguistics (ACL)",
    month = jul,
    year = "2002",
    address = "Philadelphia, PA, USA",
    XXXpublisher = "Association for Computational Linguistics",
    url ="https://www.aclweb.org/anthology/P02-1040",
    doi = "10.3115/1073083.1073135",
    pages = "311--318",
}

@inproceedings{zhu2020,
    title={ConvLab-2: An Open-Source Toolkit for Building, Evaluating, and Diagnosing Dialogue Systems},
    author={Qi Zhu and Zheng Zhang and Yan Fang and Xiang Li and Ryuichi Takanobu and Jinchao Li and Baolin Peng and Jianfeng Gao and Xiaoyan Zhu and Minlie Huang},
    year={2020},
    booktitle={Proceedings of the 58th ACL: System Demonstrations},
    address={Online},
    pages={142--149},
}
@incollection{pytorch,
title = {PyTorch: An Imperative Style, High-Performance Deep Learning Library},
author = {Paszke, Adam and Gross, Sam and Massa, Francisco and Lerer, Adam and Bradbury, James and Chanan, Gregory and Killeen, Trevor and Lin, Zeming and Gimelshein, Natalia and Antiga, Luca and Desmaison, Alban and Kopf, Andreas and Yang, Edward and DeVito, Zachary and Raison, Martin and Tejani, Alykhan and Chilamkurthy, Sasank and Steiner, Benoit and Fang, Lu and Bai, Junjie and Chintala, Soumith},
booktitle = {Advances in Neural Information Processing Systems 32 (NeurIPS)},
address={Vancouver, Canada},
XXXeditor = {H. Wallach and H. Larochelle and A. Beygelzimer and F. d\textquotesingle Alch\'{e}-Buc and E. Fox and R. Garnett},
pages = {8024--8035},
year = {2019},
XXXpublisher = {Curran Associates, Inc.},
url ={http://papers.neurips.cc/paper/9015-pytorch-an-imperative-style-high-performance-deep-learning-library.pdf}
}


@inproceedings{sennrich2016,
	address = {Berlin, Germany},
	title = {Improving {Neural} {Machine} {Translation} {Models} with {Monolingual} {Data}},
	url ={http://arxiv.org/abs/1511.06709},
    booktitle = {Proceedings of the 54th {Annual} {Meeting} of the {Association} for {Computational} {Linguistics} (ACL)},
	author = {Sennrich, Rico and Haddow, Barry and Birch, Alexandra},
	month = aug,
	year = {2016},
	pages = {86--96},
}


@inproceedings{bahdanau_neural_2015,
	address = {San Diego, CA, USA},
	title = {Neural {Machine} {Translation} by {Jointly} {Learning} to {Align} and {Translate}},
	url = {http://arxiv.org/abs/1409.0473},
    booktitle = {3rd {International} {Conference} on {Learning} {Representations} ({ICLR2015})},
	author = {Bahdanau, Dzmitry and Cho, Kyunghyun and Bengio, Yoshua},
	year = {2015},
}


@inproceedings{konstas_neural_2017,
	address = {Vancouver, Canada},
	title = {Neural {AMR}: {Sequence}-to-{Sequence} {Models} for {Parsing} and {Generation}},
	url = {https://www.aclweb.org/anthology/P17-1014},
	doi = {10.18653/v1/P17-1014},
	booktitle = {Proceedings of the 55th ACL},
	XXXpublisher = {ACL},
	author = {Konstas, Ioannis and Iyer, Srinivasan and Yatskar, Mark and Choi, Yejin and Zettlemoyer, Luke},
	year = {2017},
	pages = {146--157},
}

@article{gunasekara2020overview,
      title={Overview of the Ninth Dialog System Technology Challenge: DSTC9}, 
      author={Chulaka Gunasekara and Seokhwan Kim and Luis Fernando D'Haro and Abhinav Rastogi and Yun-Nung Chen and Mihail Eric and Behnam Hedayatnia and Karthik Gopalakrishnan and Yang Liu and Chao-Wei Huang and Dilek Hakkani-Tür and Jinchao Li and Qi Zhu and Lingxiao Luo and Lars Liden and Kaili Huang and Shahin Shayandeh and Runze Liang and Baolin Peng and Zheng Zhang and Swadheen Shukla and Minlie Huang and Jianfeng Gao and Shikib Mehri and Yulan Feng and Carla Gordon and Seyed Hossein Alavi and David Traum and Maxine Eskenazi and Ahmad Beirami and Eunjoon and Cho and Paul A. Crook and Ankita De and Alborz Geramifard and Satwik Kottur and Seungwhan Moon and Shivani Poddar and Rajen Subba},
      year={2020},
      journal={arXiv preprint arXiv:2011.06486},
}



@inproceedings{elder_shape_2020,
	title = {Shape of {Synth} to {Come}: {Why} {We} {Should} {Use} {Synthetic} {Data} for {English} {Surface} {Realization}},
	shorttitle = {Shape of {Synth} to {Come}},
	url = {https://www.aclweb.org/anthology/2020.acl-main.665},
	booktitle = {Proceedings of the 58th ACL},
	author = {Elder, Henry and Burke, Robert and O'Connor, Alexander and Foster, Jennifer},
	year = {2020},
	address={Online},
	pages={7465--7471},
}

@inproceedings{micikevicius2017,
  title={Mixed precision training},
  author={Micikevicius, Paulius and Narang, Sharan and Alben, Jonah and Diamos, Gregory and Elsen, Erich and Garcia, David and Ginsburg, Boris and Houston, Michael and Kuchaiev, Oleksii and Venkatesh, Ganesh and others},
  booktitle={Proceedings of the ICLR},
  address={Vancouver, Canada},
  year={2018}
}

@inproceedings{wen2015,
  title={Stochastic Language Generation in Dialogue using Recurrent Neural Networks with Convolutional Sentence Reranking},
  author={Wen, Tsung-Hsien and Gasic, Milica and Kim, Dongho and Mrk{\v{s}}i{\'c}, Nikola and Su, Pei-Hao and Vandyke, David and Young, Steve},
  booktitle={Proceedings of the 16th Annual Meeting of the Special Interest Group on Discourse and Dialogue (SIGdial)},
  pages={275--284},
  year={2015},
  address={Prague, Czechia},
}

@inproceedings{edunov2018,
  title = {Understanding Back-Translation at Scale},
  author = {Edunov, Sergey and Ott, Myle and Auli, Michael and Grangier, David},
  booktitle = {Proceedings of the 2018 EMNLP},
  year = 2018,
  pages={489--500},
  address={Brussels, Belgium},
}

@article{brown2020language,
  title={Language models are few-shot learners},
  author={Brown, Tom B and Mann, Benjamin and Ryder, Nick and Subbiah, Melanie and Kaplan, Jared and Dhariwal, Prafulla and Neelakantan, Arvind and Shyam, Pranav and Sastry, Girish and Askell, Amanda and others},
  journal={arXiv preprint arXiv:2005.14165},
  year={2020}
}


@inproceedings{greco_psycholinguistics_2019,
	address = {Florence, Italy},
	title = {Psycholinguistics {Meets} {Continual} {Learning}: {Measuring} {Catastrophic} {Forgetting} in {Visual} {Question} {Answering}},
	shorttitle = {Psycholinguistics {Meets} {Continual} {Learning}},
	url = {https://www.aclweb.org/anthology/P19-1350},
	doi = {10.18653/v1/P19-1350},
	booktitle = {Proceedings of the 57th {Annual} {Meeting} of the {Association} for {Computational} {Linguistics}},
	publisher = {Association for Computational Linguistics},
	author = {Greco, Claudio and Plank, Barbara and Fernández, Raquel and Bernardi, Raffaella},
	month = jul,
	year = {2019},
	pages = {3601--3605},
}

@inproceedings{lubis-etal-2020-lava,
    title = "{LAVA}: Latent Action Spaces via Variational Auto-encoding for Dialogue Policy Optimization",
    author = "Lubis, Nurul  and
      Geishauser, Christian  and
      Heck, Michael  and
      Lin, Hsien-chin  and
      Moresi, Marco  and
      van Niekerk, Carel  and
      Gasic, Milica",
    booktitle = "Proceedings of the 28th International Conference on Computational Linguistics",
    month = dec,
    year = "2020",
    address = "Barcelona, Spain (Online)",
    publisher = "International Committee on Computational Linguistics",
    url = "https://www.aclweb.org/anthology/2020.coling-main.41",
    doi = "10.18653/v1/2020.coling-main.41",
    pages = "465--479",
}

@article{yang2020ubar,
  title={UBAR: Towards Fully End-to-End Task-Oriented Dialog Systems with GPT-2},
  author={Yang, Yunyi and Li, Yunhao and Quan, Xiaojun},
  journal={arXiv preprint arXiv:2012.03539},
  year={2020}
}

@article{lee2019multi,
  title={Multi-domain task-completion dialog challenge},
  author={Lee, S and Schulz, H and Atkinson, A and Gao, J and Suleman, K and El Asri, L and Adada, M and Huang, M and Sharma, S and Tay, W and others},
  journal={Dialog system technology challenges},
  volume={8},
  pages={9},
  year={2019}
}